@misc{molegi2018regions, 
  title={Regions-of-interest discovering and predicting in smartphone environments}, 
  url={https://www.sciencedirect.com/science/article/pii/S1574119217303632?via=ihub}, 
  journal={Science Direct}, 
  publisher={Academic Press}, 
  author={Al-Molegi, Abdulrahman and Alsmadi, Izzat and Mart{\'i}nez-Ballest{\'e}, Antoni}, 
  year={2018}, 
  month={May}
}

@article{su2017making,
  title={Making 360 video watchable in 2d: Learning videography for click free viewing},
  author={Su, Yu-Chuan and Grauman, Kristen},
  journal={arXiv preprint},
  year={2017}
}

@article{sheikh2016directing,
  title={Directing attention in 360-degree video},
  author={Sheikh, Alia and Brown, Andy and Watson, Zillah and Evans, Michael},
  year={2016},
  publisher={IET}
}

@inproceedings{lin2017outside,
  title={Outside-In: Visualizing Out-of-Sight Regions-of-Interest in a 360 Video Using Spatial Picture-in-Picture Previews},
  author={Lin, Yung-Ta and Liao, Yi-Chi and Teng, Shan-Yuan and Chung, Yi-Ju and Chan, Liwei and Chen, Bing-Yu},
  booktitle={Proceedings of the 30th Annual ACM Symposium on User Interface Software and Technology},
  pages={255--265},
  year={2017},
  organization={ACM}
}

@inproceedings{deja2018building,
 author = {Deja, Jordan Aiko and Cabredo, Rafael and Monserrat, Toni-Jan Keith},
 title = {On Building an Emotion-based Music Composition Companion},
 booktitle = {Proceedings of the Asian HCI Symposium'18 on Emerging Research Collection},
 series = {Asian HCI Symposium'18},
 year = {2018},
 isbn = {978-1-4503-5641-1},
 location = {Montreal, QC, Canada},
 pages = {25--28},
 numpages = {4},
 url = {http://doi.acm.org/10.1145/3205851.3205859},
 doi = {10.1145/3205851.3205859},
 acmid = {3205859},
 publisher = {ACM},
 address = {New York, NY, USA},
} 

@inproceedings{tamani2018,
 author = {Tamani, John Edel and Cruz, Jan Christian Blaise and Cruzada, Joshua Raphaelle and Valenzuela, Jolene and Chan, Kevin Gray and Deja, Jordan Aiko},
 title = {Building Guitar Strum Models for an Interactive Air Guitar Prototype},
 booktitle = {Proceedings of the 4th International Conference on Human-Computer Interaction and User Experience in Indonesia, CHIuXiD '18},
 series = {CHIuXiD '18},
 year = {2018},
 isbn = {978-1-4503-6429-4},
 location = {Yogyakarta, Indonesia},
 pages = {18--22},
 numpages = {5},
 url = {http://doi.acm.org/10.1145/3205946.3205972},
 doi = {10.1145/3205946.3205972},
 acmid = {3205972},
 publisher = {ACM},
 address = {New York, NY, USA},
 keywords = {Air Guitar, EMG, Interaction Design, User Modeling},
} 

@inproceedings{deja2018flow,
  title={Flow: A Musical Composition Tool Using Gesture Interactions and Musical Metacreation},
  author={Deja, Jordan Aiko and Chan, Kevin Gray and Dancel, Migo Andres and Gonzales, Allen Vincent and Tobias, John Patrick},
  booktitle={International Conference on Human-Computer Interaction},
  pages={169--176},
  year={2018},
  organization={Springer}
}

@inproceedings{deja2018myosl,
  title={MyoSL: A Framework for Measuring Usability of Two-Arm Gestural Electromyography for Sign Language},
  author={Deja, Jordan Aiko and Arceo, Patrick and David, Darren Goldwin and Gan, Patrick Lawrence and Roque, Ryan Christopher},
  booktitle={International Conference on Universal Access in Human-Computer Interaction},
  pages={146--159},
  year={2018},
  organization={Springer}
}

@misc{zhou2011system,
  title={System and method for user monitoring interface of 3-D video streams from multiple cameras},
  author={Zhou, Hanning and Liu, Qiong and Kimber, Donald and Wilcox, Lynn and Cooper, Matthew L},
  year={2011},
  month=may # "~17",
  publisher={Google Patents},
  note={US Patent 7,944,454}
}

@article{montoliu2013discovering,
  title={Discovering places of interest in everyday life from smartphone data},
  author={Montoliu, Raul and Blom, Jan and Gatica-Perez, Daniel},
  journal={Multimedia tools and applications},
  volume={62},
  number={1},
  pages={179--207},
  year={2013},
  publisher={Springer}
}

@article{han2012reconstruction,
  title={Reconstruction analysis of multi-car rear-end collision accidents: empirical/analytical methods, and application of video event data recorder},
  author={Han, In-Hwan},
  journal={Journal of Korean Society of Transportation},
  volume={30},
  number={2},
  pages={127--136},
  year={2012},
  publisher={Korean Society of Transportation}
}

@misc{balassanian2014system,
  title={System, method, and product for capturing memories},
  author={Balassanian, Edward and Ganem, Damon},
  year={2014},
  month=jul # "~22",
  publisher={Google Patents},
  note={US Patent 8,788,587}
}

@misc{lau2018location,
  title={Location and contextual-based mobile application promotion and delivery},
  author={Lau, James Kai Yu and Bruno, John P and others},
  year={2018},
  month=apr # "~3",
  publisher={Google Patents},
  note={US Patent 9,936,333}
}

@misc{sula2010system,
  title={System and method for stitching of video for routes},
  author={Sula, Nicholas and Seegers, Peter and Lynch, James and Gale, William and Kohlmeyer, Bradley},
  year={2010},
  month=mar # "~30",
  publisher={Google Patents},
  note={US Patent 7,688,229}
}

@inproceedings{shrestha2010automatic,
  title={Automatic mashup generation from multiple-camera concert recordings},
  author={Shrestha, Prarthana and Weda, Hans and Barbieri, Mauro and Aarts, Emile HL and others},
  booktitle={Proceedings of the 18th ACM international conference on Multimedia},
  pages={541--550},
  year={2010},
  organization={ACM}
}

@inproceedings{singhal2016you,
  title={You are Being Watched: Bystanders' Perspective on the Use of Camera Devices in Public Spaces},
  author={Singhal, Samarth and Neustaedter, Carman and Schiphorst, Thecla and Tang, Anthony and Patra, Abhisekh and Pan, Rui},
  booktitle={Proceedings of the 2016 CHI Conference Extended Abstracts on Human Factors in Computing Systems},
  pages={3197--3203},
  year={2016},
  organization={ACM}
}